This file was created with JabRef 2.0.1.
Encoding: Cp1252

@INPROCEEDINGS{1, 
	author={P. Chandarana and M. Vijayalakshmi}, 
	booktitle={Circuits, Systems, Communication and Information Technology Applications (CSCITA), 2014 International Conference on}, 
	title={Big Data analytics frameworks}, 
	year={2014}, 
	pages={430-434}, 
	month={April},}
@INPROCEEDINGS{2, 
	author={M. S. P. Babu and S. H. Sastry}, 
	booktitle={Software Engineering and Service Science (ICSESS), 2014 5th IEEE International Conference on}, 
	title={Big data and predictive analytics in ERP systems for automating decision making process}, 
	year={2014}, 
	pages={259-262}, 
	doi={10.1109/ICSESS.2014.6933558}, 
	ISSN={2327-0586}, 
	month={June},}

@ARTICLE{3, 
	author={S. Earley}, 
	journal={IT Professional}, 
	title={Big Data and Predictive Analytics: What's New?}, 
	year={2014}, 
	volume={16}, 
	number={1}, 
	pages={13-15}, 
	ISSN={1520-9202}, 
	month={Jan},}

@inproceedings{4,
	author = {F\"{u}l\"{o}p, Lajos Jen\H{o} and Besz{\'e}des, \'{A}rp\'{a}d and T\'{o}th, Gabriella and Demeter, Hunor and Vid\'{a}cs, L\'{a}szl\'{o} and Farkas, L\'{o}r\'{a}nt},
	title = {Predictive Complex Event Processing: A Conceptual Framework for Combining Complex Event Processing and Predictive Analytics},
	booktitle = {Proceedings of the Fifth Balkan Conference in Informatics},
	series = {BCI '12},
	year = {2012},
	isbn = {978-1-4503-1240-0},
	location = {Novi Sad, Serbia},
	pages = {26--31},
	numpages = {6},
	url = {http://doi.acm.org/10.1145/2371316.2371323},
	doi = {10.1145/2371316.2371323},
	acmid = {2371323},
	publisher = {ACM},
	address = {New York, NY, USA},
	keywords = {CEP, complex event processing, predictive analytics},
}
@ARTICLE{5, 
	author={H. Hu and Y. Wen and T. S. Chua and X. Li}, 
	journal={IEEE Access}, 
	title={Toward Scalable Systems for Big Data Analytics: A Technology Tutorial}, 
	year={2014}, 
	volume={2}, 
	pages={652-687}, 
	ISSN={2169-3536}, 
	month={},}
@book{6,
	title =     {Predictive analytics for dummies},
	author =    {Michael Wessler},
	publisher = {Wiley},
	isbn =      {},
	year =      {2014},
	series =    {Alteryx Special Edition},
	edition =   {},
	volume =    {}
}
@article{7,
	title={Predictive analytics in Big Data platforms--comparison and strategies},
	author={Zeki{\'c}-Su{\v{s}}ac, M and Has, A}
}
@electronic{8,
	author = {Paul Pilotte},
	title = {{Analytics-driven} embedded systems, part 2 â€“ Developing analytics and prescriptive controls},
	url = {\url{http://embedded-computing.com/articles/analytics-driven-embedded-systems-part-2-developing-analytics-and-prescriptive-controls/}}
		
}
@electronic{9,
	author = {F. Gallagher.},
	title = {The Big Data Value Chain [Online]},
	url = {\url{http://fraysen.blogspot.sg/2012/06/big-data-value-chain.html}}
	
}
@electronic{10,
	author = {Blackett, G.},
	date = {2013},
	title = {Analytics Network-O.R. Analytics},
	medium = {Online},
	language = {en},
	url = {http://www.theorsociety.com/Pages/SpecialInterest
	/AnalyticsNetwork_anal%ytics.aspx}
}
@electronic{11,
	url = {https://en.wikipedia.org/wiki/Data_mining}
}
@book{12,
	Author = {Anasse Bari and Mohamed Chaouchi and Tommy Jung},
	Title = {Predictive Analytics For Dummies},
	Publisher = {For Dummies},
	Year = {2016},
	ISBN = {},
	URL = {https://www.amazon.com/Predictive-Analytics-Dummies-Anasse-Bari-ebook/dp/B01LWWNQFK%3FSubscriptionId%3D0JYN1NVW651KCA56C102%26tag%3Dtechkie-20%26linkCode%3Dxm2%26camp%3D2025%26creative%3D165953%26creativeASIN%3DB01LWWNQFK}
}
@electronic{13,
	author = {Andrew C. Oliver},
	title = {Storm or Spark: Choose your Real-Time Weapon},
	url = {\urlhttp://www.predictiveanalyticsworld.com/patimes/storm-spark-choose-real-time-weapon/4373/}}
	
}
@electronic{14,
	title = {Predictive Analytics Tools},
	url={\urlhttp://www.predictiveanalyticstoday.com/predictive-analytics-tools/}}
@article{15,
	author = "Wimmer, H. and Powell, L. M.",
	title = "A Comparison of Open Source Tools for Data Science",
	journal = "Journal of Information Systems Applied Research",
	volume = "9",
	number = "2",
	address = "ISSN",
	publisher = "1946-1836",
	year = 2016, 
	url = "http://jisar.org/2016-9/"
}
@article{16,
	doi = {10.5120/17619-8322},
	url = {http://dx.doi.org/10.5120/17619-8322},
	year  = {2014},
	month = {aug},
	publisher = {Foundation of Computer Science},
	volume = {100},
	number = {17},
	pages = {44--47},
	author = {Anjana Gosain and Nikita Chugh},
	title = {Privacy Preservation in Big Data},
	journal = {International Journal of Computer Applications}
}
@INPROCEEDINGS{17,
	doi = {10.1109/wf-iot.2015.7389075},
	url = {http://dx.doi.org/10.1109/WF-IoT.2015.7389075},
	year  = {2015},
	month = {dec},
	publisher = {Institute of Electrical and Electronics Engineers ({IEEE})},
	author = {Adnan Akbar and Francois Carrez and Klaus Moessner and Ahmed Zoha},
	title = {Predicting complex events for pro-active {IoT} applications},
	booktitle = {2015 {IEEE} 2nd World Forum on Internet of Things ({WF}-{IoT})}
}
